@online{keyword,
    author      = "First Last",
    title       = "This Is The Title",
    url         = "https://www.google.com/",
    urldate     = "2019-10-22",
    date        = "2019-10-02"
}

@online{anotherone,
    author      = "Garrett Walter and Daniel Lee",
    title       = "Some Other Document",
    url         = "https://wsu.edu/",
    urldate     = "2019-08-19"
}
